\
@book{McLuhan1963,
author = {McLuhan, M},
booktitle = {Toronto: University of Toronto},
publisher = {University of Toronto Press},
title = {{The Gutenberg Galaxy}},
url = {http://brainmass.com/file/4662/The+Gutenberg+Galaxy.doc},
year = {1963}
}


@book{Schafer1977,
author = {Schafer, RM},
publisher = {Destiny books, Rochester, Vermont},
title = {{The soundscape: Our sonic environment and the tuning of the world}},
url = {http://philpapers.org/rec/SCHTSO-15},
year = {1977}
}

@article{Stevens1937,
author = {Stevens, SS and Volkmann, J. and Newman, E. B.},
journal = {The Journal of the Acoustical Society of America},
number = {8},
title = {{A scale for the measurement of the psychological magnitude pitch}},
url = {http://scitation.aip.org/content/asa/journal/jasa/8/3/10.1121/1.1915893},
volume = {185},
year = {1937}
}

@article{Robinson1956,
author = {Robinson DW and Dadson RS},
journal = {The Journal of the Acoustical Society of America},
number = {8},
title = {{A re-determination of the equal-loudness relations for pure tones}},
volume = {7},
year = {1956}
}

@article{Galeyev2001,
author = {Galeyev, BM and Vanechkina, IL},
file = {:Users/lagrange/Documents/bibliography/files/Galeyev, Vanechkina/Galeyev, Vanechkina\_2001\_Leonardo\_Was Scriabin a synesthete.pdf:pdf},
journal = {Leonardo},
number = {4},
pages = {357--361},
title = {{Was Scriabin a synesthete?}},
url = {http://www.mitpressjournals.org/doi/abs/10.1162/00240940152549357},
volume = {34},
year = {2001}
}


@article{Chi2005a,
author = {Chi, Taishih and Ru, Powen and Shamma, Shihab},
doi = {10.1121/1.1945807},
file = {:Users/lagrange/Documents/bibliography/files/Chi, Ru, Shamma/Chi, Ru, Shamma\_2005\_The Journal of the Acoustical Society of America\_Multiresolution spectrotemporal analysis of complex sounds.pdf:pdf},
issn = {00014966},
journal = {The Journal of the Acoustical Society of America},
number = {2},
pages = {887},
title = {{Multiresolution spectrotemporal analysis of complex sounds}},
url = {http://link.aip.org/link/JASMAN/v118/i2/p887/s1\&Agg=doi},
volume = {118},
year = {2005}
}


@inproceedings{Anden2011,
annote = {Mathias : Pour autant que je voie, \c{c}a rejoint la pr\'{e}sentation qu'il a faite \`{a} Ermites, \`{a} un d\'{e}tail pr\`{e}s : je ne me souvenais pas qu'il appliquait une transf. cosinus aux coeffs de scattering.},
author = {Anden, Joachim and Mallat, Stephane},
booktitle = {ISMIR},
file = {:Users/lagrange/Documents/bibliography/files/Anden, Mallat/Anden, Mallat\_2011\_ismir\_MULTISCALE SCATTERING FOR AUDIO CLASSIFICATION.pdf:pdf},
keywords = {\_readR,music,scattering},
mendeley-tags = {\_readR,music,scattering},
title = {{Multiscale Scattering for Audio Classification}},
url = {http://www.cmap.polytechnique.fr/scattering/ismir-final.pdf},
year = {2011}
}


@book{Tufte1983,
author = {Tufte, E.R.},
file = {:Users/lagrange/Documents/bibliography/files/Tufte/Tufte\_1983\_Unknown\_The Visual Display of Quantitative Information.pdf:pdf},
keywords = {pictures of numbers},
publisher = {Graphics press Cheshire, CT},
title = {{The Visual Display of Quantitative Information}},
url = {http://llrc.mcast.edu.mt/digitalversion/Table\_of\_Contents\_130564.pdf http://www.eng.auburn.edu/users/fmm0002/DVsyllabus.pdf},
volume = {7},
year = {1983}
}


@book{Schaeffer1966,
author = {Schaeffer, P},
publisher = {{\'{E}ditions Du Seuil}},
title = {{Trait\'{e} des objets musicaux}},
url = {http://philpapers.org/rec/SCHTDO-15},
year = {1966}
}

@book{Kandinsky1954,
author = {Kandinsky, W.},
title = {Concerning the spiritual in art},
year = {1954},
publisher = {{Dover publications}}
}

@article{Byron2008,
author = {Byron, L and Wattenberg, M},
file = {:Users/lagrange/Documents/bibliography/files/Byron, Wattenberg/Byron, Wattenberg\_2008\_IEEE Trans. Vis. Comput. Graph.\_Stacked Graphs-Geometry \& Aesthetics.pdf:pdf},
journal = {IEEE Trans. Vis. Comput. Graph.},
title = {{Stacked Graphs-Geometry \& Aesthetics.}},
url = {http://hint.fm/papers/leebyron\_stackedgraphs\_byron\_wattenberg.pdf},
year = {2008}
}


